<record><leader>00000cas a22000007a 4500</leader><controlfield tag="001">11270895</controlfield><controlfield tag="008">841016d18731880iauwr ne      0    0eng d</controlfield><datafield ind1=" " ind2=" " tag="010"><subfield code="a">sn 84038339 </subfield></datafield><datafield ind1=" " ind2=" " tag="040"><subfield code="a">NPX</subfield><subfield code="b">eng</subfield><subfield code="c">NPX</subfield><subfield code="d">INP</subfield><subfield code="d">DLC</subfield><subfield code="d">INP</subfield><subfield code="d">OCLCQ</subfield></datafield><datafield ind1=" " ind2=" " tag="042"><subfield code="a">msc</subfield></datafield><datafield ind1="0" ind2=" " tag="130"><subfield code="a">Mt. Ayr journal (Mount Ayr, Iowa : 1873)</subfield></datafield><datafield ind1="1" ind2="0" tag="245"><subfield code="a">Mt. Ayr journal.</subfield></datafield><datafield ind1="3" ind2="0" tag="246"><subfield code="a">Mount Ayr journal</subfield></datafield><datafield ind1="3" ind2="0" tag="246"><subfield code="a">Mt. Ayr weekly journal</subfield></datafield><datafield ind1=" " ind2=" " tag="260"><subfield code="a">Mount Ayr, Iowa :</subfield><subfield code="b">[s.n.]</subfield></datafield><datafield ind1=" " ind2=" " tag="300"><subfield code="a">v.</subfield></datafield><datafield ind1=" " ind2=" " tag="310"><subfield code="a">Weekly</subfield></datafield><datafield ind1="1" ind2=" " tag="362"><subfield code="a">Began in 1873; ceased in 1880?</subfield><subfield code="z">Cf. Bibl. of Iowa newspapers.</subfield></datafield><datafield ind1=" " ind2=" " tag="500"><subfield code="a">"Weekly" appears above title ornament, &lt;1876&gt;.</subfield></datafield><datafield ind1=" " ind2=" " tag="500"><subfield code="a">Editor: Clarence Bartruff, &lt;1876&gt;.</subfield></datafield><datafield ind1=" " ind2=" " tag="580"><subfield code="a">Continued by: Free press (Mount Ayr, Iowa) (non-extant).</subfield></datafield><datafield ind1=" " ind2=" " tag="588"><subfield code="a">Description based on: Vol. 3, no. 31 (Aug. 24, 1876).</subfield></datafield><datafield ind1=" " ind2=" " tag="752"><subfield code="a">United States</subfield><subfield code="b">Iowa</subfield><subfield code="c">Ringgold</subfield><subfield code="d">Mount Ayr.</subfield></datafield><datafield ind1="1" ind2="0" tag="785"><subfield code="t">Free press (Mount Ayr, Iowa)</subfield></datafield><datafield ind1="1" ind2=" " tag="029"><subfield code="a">AU@</subfield><subfield code="b">000025821008</subfield></datafield></record>